@MISC{Hirst_textto,
    author = {Graeme Hirst and Yaroslav Riabinin and Jory Graham and Magali Boizot-roche},
    title = {Text to Ideology or Text to Party Status? *},
    year = {}
}